<?xml version="1.0" encoding="UTF-8"?><collection xmlns="http://www.loc.gov/MARC21/slim"><record><leader>00538nam--2200193-i-4500</leader><controlfield tag="001">000017928</controlfield><controlfield tag="002">20161230</controlfield><controlfield tag="005">20161230201032</controlfield><controlfield tag="008">060222s1000------------r-----000-0-rum-d</controlfield><datafield ind1=" " ind2=" " tag="040"><subfield code="a">IFIN-HH</subfield></datafield><datafield ind1=" " ind2=" " tag="041"><subfield code="a">rum</subfield></datafield><datafield ind1=" " ind2=" " tag="080"><subfield code="a">539.12(076)</subfield></datafield><datafield ind1="1" ind2=" " tag="100"><subfield code="a">Crisan, Vasile</subfield></datafield><datafield ind1="1" ind2="0" tag="245"><subfield code="a">Probleme de corp solid</subfield><subfield code="b">Vol.ii pentru uzul studentilor</subfield><subfield code="c">Vasile crisan, vernes andras</subfield></datafield><datafield ind1=" " ind2=" " tag="260"><subfield code="a">Cluj-napoca</subfield><subfield code="b">Universitatea Din Cluj-napoca</subfield><subfield code="c">1989</subfield></datafield><datafield ind1=" " ind2=" " tag="300"><subfield code="a">242 P</subfield></datafield><datafield ind1="1" ind2=" " tag="700"><subfield code="a">Andras, Vernes</subfield></datafield><datafield ind1=" " ind2=" " tag="852"><subfield code="a">78862</subfield><subfield code="c">539.2</subfield></datafield><datafield ind1=" " ind2=" " tag="CAT"><subfield code="a">Sys</subfield><subfield code="c">20121203</subfield><subfield code="h">120744</subfield></datafield></record></collection>